% Vinyals
@inproceedings{vinyals,
author={Oriol Vinyals and Alexander Toshev and Samy Bengio and Dumitru Erhan},
title={Show and tell: a neural image caption generator},
booktitle={Proceedings of the IEEE Conference on Computer Vision and Pattern Recognition},
year={2015},
pages={3156-3164}
}

@inproceedings{conversational_response,
  author  = {Alessandro Sordon and Michel Galley and Michael Auli and Chris Brockett and Yangfeng Ji and Margaret Mitchell and Jian-Yun Nie and Jianfeng Gao and Bill Dolan},
  title   = {A neural netowrk approach to context-sensitive generation of conversational responses},
  booktitle = {Proceedings of ACL},
  year    = {2015},
  pages   = {196–205}
}

@inproceedings{topical_poetry,
  author  = {Marjan Ghazvininejad and Xing Shi and Yejin Choi and Kevin Knight},
  title   = {Generating topical poetry},
  booktitle = {Proceedings of ACL},
  year = {2016},
  pages = {1183-1191}
}

@inproceedings{RNN_language_model,
  author  = {Tom\'{a}\v{s} Mikolov and Martin Karaf\'{a}t and Luk\'{a}\v{s} Burget and Jan Cernock\v{y} and Sanjeev Khudanpur},
  title   = {Recurrent neural network based language model},
  booktitle = {Proceedings of Interspeech},
  year    = {2010}
}

@inproceedings{creative_help,
  author  = {Melissa Roemmele and Andrew S. Gordon},
  title   = {Creative Help: A Story Writing Assistant},
  booktitle = {International Conference on Interactive Digital Storytelling},
  year    = {2015},
  pages = {81–92}
}

@misc{writing_machine,
  author       = {Robin Sloan},
  title        = {Writing with the machine},
  howpublished = "\url{https://www.robinsloan.com/notes/writing-with-the-machine/}",
  year         = 2016
}

@inproceedings{ensemble,
  author  = {Joy Kim and Justin Cheng and Michael S. Bernstein},
  title   = {Ensemble: exploring complementary strengths of leaders and crowds in creative collaboration},
  booktitle = {Proceedings of CSCW},
  year    = {2014},
}

@inproceedings{doc_context,
  author  = {Yangfeng Ji and Trevor Cohn and Lingpeng Kong and Chris Dyer and Jacob Eisenstein},
  title   = {Document context language models},
  booktitle = {Proceedings of the 4th International Conference on Learning Representations (Workshop Track) },
  year    = {2016}
}

@journal{article,
  author  = {Yoshua Bengio and  Réjean Ducharme and Pascal Vincent and Christian Jauvin},
  title   = {A Neural Probabilistic Language Model},
  journal = {The Journal of Machine Learning Research},
  year    = {2003},
  pages   = {1137–1155},
}

@misc{karpathy,
  author = {Andrej Karpathy},
  title = {The Unreasonable Effectiveness of Recurrent Neural Networks},
  howpublished = "\url{http://karpathy.github.io/2015/05/21/rnn-effectiveness/}",
  year = {2015}
}

@inproceedings{encoder_decoder,
  author  = {Melissa Roemmele and Andrew S. Gordon},
  title   = {An Encoder-decoder Approach to Predicting Causal Relations in Stories},
  booktitle = {Storytelling Workshop at the 16th Annual Conference of the North American Chapter of the Association for Computational Linguistics: Human Language Technologies (NAACL 2018)},
  year    = {June 5, 2018}
}

@misc{text_gen,
  author = {Trung Tran},
  title = {Creating A Text Generator Using Recurrent Neural Network},
  year = {2016},
  howpublished = {\url{https://chunml.github.io/ChunML.github.io/project/Creating-Text-Generator-Using-Recurrent-Neural-Network/}}
}
