@inproceedings{article,
  author  = {},
  title   = {},
  booktitle = {},
  year    = {},
  pages   = {},
}
